<?xml version="1.0" encoding="UTF-8"?><collection xmlns="http://www.loc.gov/MARC21/slim"><record><leader>00569nam--2200181-i-4500</leader><controlfield tag="001">000036820</controlfield><controlfield tag="002">20161230</controlfield><controlfield tag="005">20161230201041</controlfield><controlfield tag="008">060222s1000------------r-----000-0-rus-d</controlfield><datafield ind1=" " ind2=" " tag="040"><subfield code="a">IFIN-HH</subfield></datafield><datafield ind1=" " ind2=" " tag="041"><subfield code="a">rus</subfield></datafield><datafield ind1=" " ind2=" " tag="080"><subfield code="a">53(08)</subfield></datafield><datafield ind1="1" ind2=" " tag="100"><subfield code="a">Borovika-romanova, A.S</subfield></datafield><datafield ind1="1" ind2="0" tag="245"><subfield code="a">Fizika za rubejom seria b pprepodavanie sbornik naucino-populiarnih statei. klassiceskaia mehanika electricestvo kvantovaia teoria iz isotopii fiziki</subfield><subfield code="c">A.s borovika-romanova(red.)</subfield></datafield><datafield ind1=" " ind2=" " tag="260"><subfield code="a">Moskva</subfield><subfield code="b">Mir</subfield><subfield code="c">1984</subfield></datafield><datafield ind1=" " ind2=" " tag="300"><subfield code="a">206P</subfield></datafield><datafield ind1=" " ind2=" " tag="852"><subfield code="a">72580</subfield><subfield code="c">53</subfield></datafield><datafield ind1=" " ind2=" " tag="CAT"><subfield code="a">Sys</subfield><subfield code="c">20150807</subfield><subfield code="h">104017</subfield></datafield></record></collection>